<?xml version="1.0" encoding="UTF-8"?>
<record xmlns="http://www.loc.gov/MARC21/slim">
   <leader>03576cam a2200505 a 4500</leader>
   <controlfield tag="001">388213</controlfield>
   <controlfield tag="003">NjP</controlfield>
   <controlfield tag="005">20171012075933.0</controlfield>
   <controlfield tag="008">870731m19849999ir h     b    000 0 ara d</controlfield>
   <datafield tag="024" ind1="7" ind2=" ">
      <subfield code="a">princeton_aco003346</subfield>
      <subfield code="2">local</subfield>
   </datafield>
   <datafield ind1=" " ind2=" " tag="035">
      <subfield code="a">(OCoLC)ocn175548056</subfield>
   </datafield>
   <datafield ind1=" " ind2=" " tag="035">
      <subfield code="a">(OCoLC)22315105</subfield>
   </datafield>
   <datafield ind1=" " ind2=" " tag="040">
      <subfield code="a">NjP</subfield>
      <subfield code="c">PUL</subfield>
      <subfield code="d">PUL</subfield>
   </datafield>
   <datafield ind1=" " ind2=" " tag="035">
      <subfield code="a">(OCoLC)175548056</subfield>
   </datafield>
   <datafield ind1=" " ind2=" " tag="035">
      <subfield code="a">(CStRLIN)NJPG87-B36339</subfield>
   </datafield>
   <datafield ind1=" " ind2=" " tag="035">
      <subfield code="9">ABW3679TS</subfield>
   </datafield>
   <datafield ind1=" " ind2=" " tag="035">
      <subfield code="a">(NjP)388213</subfield>
   </datafield>
   <datafield ind1=" " ind2=" " tag="079">
      <subfield code="a">ocm22315105</subfield>
   </datafield>
   <datafield ind1=" " ind2=" " tag="049">
      <subfield code="a">PULL</subfield>
   </datafield>
   <datafield ind1="1" ind2=" " tag="100">
      <subfield code="6">880-01</subfield>
      <subfield code="a">Baraghānī, Muḥammad Ṣāliḥ,</subfield>
      <subfield code="d">-approximately 1853.</subfield>
      <subfield code="0">http://id.loc.gov/authorities/names/n88294160</subfield>
   </datafield>
   <datafield ind1="1" ind2="0" tag="240">
      <subfield code="6">880-02</subfield>
      <subfield code="a">Mawsūʻat al-Baraghānī fī fiqh al-Shīʻah</subfield>
   </datafield>
   <datafield ind1="1" ind2="0" tag="245">
      <subfield code="6">880-03</subfield>
      <subfield code="a">Mawsūʻat al-Baraghānī fī fiqh al-Shīʻah, al-musammāh bi-Ghanīmat al-maʻād fī sharḥ al-irshād /</subfield>
      <subfield code="c">taʼlīf Muḥammad Ṣāliḥ al-Baraghānī al-Qazwīnī al-Ḥāʼirī ; taḥqīq wa-taqdīm ʻAbd al-Ḥusayn al-Ṣāliḥī.</subfield>
   </datafield>
   <datafield ind1=" " ind2=" " tag="260">
      <subfield code="6">880-04</subfield>
      <subfield code="a">Ṭihrān :</subfield>
      <subfield code="b">Namāyashgāh-i Dāʼimī-i Kitāb,</subfield>
      <subfield code="c">1405 [1984 or 5]-</subfield>
   </datafield>
   <datafield ind1=" " ind2=" " tag="300">
      <subfield code="a">v. :</subfield>
      <subfield code="b">facsims. ;</subfield>
      <subfield code="c">25 cm.</subfield>
   </datafield>
   <datafield ind1=" " ind2=" " tag="500">
      <subfield code="6">880-05</subfield>
      <subfield code="a">"Kitāb fiqhī istidlālī riwāʼī istaʻāna bi-hi al-shaykh Muḥammad Ḥasan ṣāḥib al-Jawāhir fī mawsūʻat al-fiqhīyah (al-Jawāhir)."</subfield>
   </datafield>
   <datafield ind1=" " ind2=" " tag="500">
      <subfield code="a">Introduction dated 1405 [1984 or 5]</subfield>
   </datafield>
   <datafield ind1=" " ind2=" " tag="504">
      <subfield code="a">Includes bibliographical references.</subfield>
   </datafield>
   <datafield ind1="1" ind2=" " tag="505">
      <subfield code="6">880-06</subfield>
      <subfield code="a">v. 1. Kitāb al-ṭahārah, qism 1 -- v. 2. Kitāb al-ṭahārah, qism 2 -- v. 3. Kitāb al-ṣalāah, qism 1 -- v. 4. Kitāb al-ṣalāah, qism 2 -- v. 5. Kitāb al-ṣalāah, qism 3 -- v. 6. Kitāb al-ṣalāah, qism 4 -- v. 7. Kitāb al-ṣalāah, qism 5 -- v. 8. Kitāb al-ṣalāah, qism 6.</subfield>
   </datafield>
   <datafield ind1=" " ind2="0" tag="650">
      <subfield code="a">Islamic law</subfield>
      <subfield code="x">Interpretation and construction.</subfield>
      <subfield code="0">http://id.loc.gov/authorities/subjects/sh85068455</subfield>
   </datafield>
   <datafield ind1=" " ind2="0" tag="650">
      <subfield code="a">Shiites.</subfield>
      <subfield code="0">http://id.loc.gov/authorities/subjects/sh85121432</subfield>
   </datafield>
   <datafield ind1="1" ind2=" " tag="700">
      <subfield code="6">880-07</subfield>
      <subfield code="a">Ṣāliḥī, ʻAbd al-Ḥusayn.</subfield>
   </datafield>
   <datafield ind1="0" ind2=" " tag="740">
      <subfield code="6">880-08</subfield>
      <subfield code="a">Mawsūʻat al-Baraghānī fī fiqh al-Shīʻah.</subfield>
   </datafield>
   <datafield ind1="0" ind2=" " tag="740">
      <subfield code="6">880-09</subfield>
      <subfield code="a">Ghanīmat al-maʻād fī sharḥ al-irshād.</subfield>
   </datafield>
   <datafield ind1="1" ind2=" " tag="880">
      <subfield code="6">100-01/r</subfield>
      <subfield code="a">برغاني، محمد صالح،</subfield>
      <subfield code="d">-approximately 1853.</subfield>
   </datafield>
   <datafield ind1="1" ind2="0" tag="880">
      <subfield code="6">240-02/r</subfield>
      <subfield code="a">موسوعة البرغاني في فقه الشيعة</subfield>
   </datafield>
   <datafield ind1="1" ind2="0" tag="880">
      <subfield code="6">245-03/r</subfield>
      <subfield code="a">موسوعة البرغاني في فقه الشيعة، المسماه بغنيمة المعاد في شرح الارشاد /</subfield>
      <subfield code="c">تأليف محمد صالح البرغاني القزويني الحائري ؛ تحقيق وتقديم عبد الحسين الصالحي.</subfield>
   </datafield>
   <datafield ind1=" " ind2=" " tag="880">
      <subfield code="6">260-04/r</subfield>
      <subfield code="a">طهران :</subfield>
      <subfield code="b">نمايشگاها دائميا كتاب،</subfield>
      <subfield code="c">1405 [1984 or 5]</subfield>
   </datafield>
   <datafield ind1=" " ind2=" " tag="880">
      <subfield code="6">500-05/r</subfield>
      <subfield code="a">"كتاب فقهي استدلالي روائي استعان به الشيخ محمد حسن صاحب الجواهر في موسوعة الفقهية (الجواهر)."</subfield>
   </datafield>
   <datafield ind1="1" ind2=" " tag="880">
      <subfield code="6">505-06/r</subfield>
      <subfield code="a">ڤ. 1. كتاب الطهارة، قسم 1 ڤ. 2. كتاب الطهارة، قسم 2 ڤ. 3. كتاب الصلاة، قسم 1 ڤ. 4. كتاب الصلاة، قسم 2 ڤ. 5. كتاب الصلاة، قسم 3 ڤ. 6. كتاب الصلاة، قسم 4 ڤ. 7. كتاب الصلاة، قسم 5 ڤ. 8. كتاب الصلاة، قسم 6.</subfield>
   </datafield>
   <datafield ind1="1" ind2=" " tag="880">
      <subfield code="6">700-07/r</subfield>
      <subfield code="a">صالحي، عبد الحسين.</subfield>
   </datafield>
   <datafield ind1="0" ind2=" " tag="880">
      <subfield code="6">740-08/r</subfield>
      <subfield code="a">موسوعة البرغاني في فقه الشيعة.</subfield>
   </datafield>
   <datafield ind1="0" ind2=" " tag="880">
      <subfield code="6">740-09/r</subfield>
      <subfield code="a">غنيمة المعاد في شرح الارشاد.</subfield>
   </datafield>
   <datafield ind1=" " ind2=" " tag="998">
      <subfield code="a">10/06/92</subfield>
      <subfield code="s">9118</subfield>
      <subfield code="n">NjP</subfield>
      <subfield code="w">NJPG87B36339</subfield>
      <subfield code="d">07/31/87</subfield>
      <subfield code="c">KVV</subfield>
      <subfield code="b">JEB</subfield>
      <subfield code="i">921006</subfield>
      <subfield code="l">NJPG</subfield>
   </datafield>
   <datafield ind1=" " ind2=" " tag="911">
      <subfield code="a">19921028</subfield>
   </datafield>
   <datafield ind1=" " ind2=" " tag="912">
      <subfield code="a">19921006000000.0</subfield>
   </datafield>
   <datafield ind1=" " ind2=" " tag="994">
      <subfield code="a">C0</subfield>
      <subfield code="b">PUL</subfield>
   </datafield>
   <datafield ind1=" " ind2=" " tag="999">
      <subfield code="a">388213</subfield>
   </datafield>
   <datafield ind1="8" ind2="1" tag="852">
      <subfield code="0">423685</subfield>
      <subfield code="b">rcppa</subfield>
      <subfield code="t">1</subfield>
      <subfield code="h">KBL</subfield>
      <subfield code="i">.B373</subfield>
      <subfield code="x">tr fr arab</subfield>
   </datafield>
   <datafield ind1=" " ind2="0" tag="866">
      <subfield code="0">423685</subfield>
      <subfield code="8">0</subfield>
      <subfield code="a">juzʾ 1-8</subfield>
   </datafield>
   <datafield ind1=" " ind2=" " tag="959">
      <subfield code="a">2000-06-13 00:00:00 -0400</subfield>
   </datafield>
</record>
